% Neuroscience and Biology
@book{kandel2000principles,
  title={Principles of Neural Science},
  author={Kandel, Eric R and Schwartz, James H and Jessell, Thomas M},
  edition={4},
  year={2000},
  publisher={McGraw-Hill}
}

@article{botvinick2001conflict,
  title={Conflict monitoring and cognitive control},
  author={Botvinick, Matthew M and Braver, Todd S and Barch, Deanna M and Carter, Cameron S and Cohen, Jonathan D},
  journal={Psychological Review},
  volume={108},
  number={3},
  pages={624--652},
  year={2001},
  publisher={American Psychological Association}
}

@article{shenhav2013expected,
  title={The expected value of control: an integrative theory of anterior cingulate cortex function},
  author={Shenhav, Amitai and Botvinick, Matthew M and Cohen, Jonathan D},
  journal={Neuron},
  volume={79},
  number={2},
  pages={217--240},
  year={2013},
  publisher={Elsevier}
}

% Mechanistic Interpretability
@article{elhage2021mathematical,
  title={A Mathematical Framework for Transformer Circuits},
  author={Elhage, Nelson and Nanda, Neel and Olsson, Catherine and Henighan, Tom and Joseph, Nicholas and Mann, Ben and Askell, Amanda and Bai, Yuntao and Chen, Anna and Conerly, Tom and others},
  journal={Transformer Circuits Thread},
  year={2021},
  url={https://transformer-circuits.pub/2021/framework/index.html}
}

@article{olah2020zoom,
  title={Zoom In: An Introduction to Circuits},
  author={Olah, Chris and Cammarata, Nick and Schubert, Ludwig and Goh, Gabriel and Petrov, Michael and Carter, Shan},
  journal={Distill},
  volume={5},
  number={3},
  pages={e00024--001},
  year={2020}
}

@article{wang2023interpretability,
  title={Interpretability in the Wild: a Circuit for Indirect Object Identification in GPT-2 small},
  author={Wang, Kevin and Variengien, Alexandre and Conmy, Arthur and Shlegeris, Buck and Steinhardt, Jacob},
  journal={International Conference on Learning Representations (ICLR)},
  year={2023}
}

@article{olsson2022context,
  title={In-context Learning and Induction Heads},
  author={Olsson, Catherine and Elhage, Nelson and Nanda, Neel and Joseph, Nicholas and DasSarma, Nova and Henighan, Tom and Mann, Ben and Askell, Amanda and Bai, Yuntao and Chen, Anna and others},
  journal={arXiv preprint arXiv:2209.11895},
  year={2022}
}

@article{conmy2023towards,
  title={Towards Automated Circuit Discovery for Mechanistic Interpretability},
  author={Conmy, Arthur and Mavor-Parker, Augustine N and Lynch, Aengus and Heimersheim, Stefan and Garriga-Alonso, Adri{\`a}},
  journal={Advances in Neural Information Processing Systems (NeurIPS)},
  volume={36},
  year={2023}
}

% Superposition
@article{elhage2022superposition,
  title={Toy Models of Superposition},
  author={Elhage, Nelson and Hume, Tristan and Olsson, Catherine and Schiefer, Nicholas and Henighan, Tom and Kravec, Shauna and Hatfield-Dodds, Zac and Lasenby, Robert and Drain, Dawn and Chen, Carol and others},
  journal={Transformer Circuits Thread},
  year={2022},
  url={https://transformer-circuits.pub/2022/toy_model/index.html}
}

% Hallucination and Uncertainty
@article{ji2023survey,
  title={Survey of Hallucination in Natural Language Generation},
  author={Ji, Ziwei and Lee, Nayeon and Frieske, Rita and Yu, Tiezheng and Su, Dan and Xu, Yan and Ishii, Etsuko and Bang, Ye Jin and Madotto, Andrea and Fung, Pascale},
  journal={ACM Computing Surveys},
  volume={55},
  number={12},
  pages={1--38},
  year={2023},
  publisher={ACM}
}

@inproceedings{lin2022truthfulqa,
  title={TruthfulQA: Measuring How Models Mimic Human Falsehoods},
  author={Lin, Stephanie and Hilton, Jacob and Evans, Owain},
  booktitle={Proceedings of the 60th Annual Meeting of the Association for Computational Linguistics (ACL)},
  pages={3214--3252},
  year={2022}
}

% Knowledge Editing
@inproceedings{meng2022locating,
  title={Locating and Editing Factual Associations in GPT},
  author={Meng, Kevin and Bau, David and Andonian, Alex and Belinkov, Yonatan},
  booktitle={Advances in Neural Information Processing Systems (NeurIPS)},
  volume={35},
  pages={17359--17372},
  year={2022}
}

@inproceedings{mitchell2022fast,
  title={Fast Model Editing at Scale},
  author={Mitchell, Eric and Lin, Charles and Bosselut, Antoine and Finn, Chelsea and Manning, Christopher D},
  booktitle={International Conference on Learning Representations (ICLR)},
  year={2022}
}

@inproceedings{meng2023mass,
  title={Mass-Editing Memory in a Transformer},
  author={Meng, Kevin and Sen Sharma, Arnab and Andonian, Alex and Belinkov, Yonatan and Bau, David},
  booktitle={International Conference on Learning Representations (ICLR)},
  year={2023}
}

% Calibration and RLHF
@inproceedings{guo2017calibration,
  title={On Calibration of Modern Neural Networks},
  author={Guo, Chuan and Pleiss, Geoff and Sun, Yu and Weinberger, Kilian Q},
  booktitle={International Conference on Machine Learning (ICML)},
  pages={1321--1330},
  year={2017}
}

@inproceedings{lakshminarayanan2017simple,
  title={Simple and Scalable Predictive Uncertainty Estimation using Deep Ensembles},
  author={Lakshminarayanan, Balaji and Pritzel, Alexander and Blundell, Charles},
  booktitle={Advances in Neural Information Processing Systems (NeurIPS)},
  volume={30},
  year={2017}
}

@article{ouyang2022training,
  title={Training language models to follow instructions with human feedback},
  author={Ouyang, Long and Wu, Jeffrey and Jiang, Xu and Almeida, Diogo and Wainwright, Carroll and Mishkin, Pamela and Zhang, Chong and Agarwal, Sandhini and Slama, Katarina and Ray, Alex and others},
  journal={Advances in Neural Information Processing Systems (NeurIPS)},
  volume={35},
  pages={27730--27744},
  year={2022}
}

% Geometric Methods - Linear Representations
@article{marks2023geometry,
  title={The Geometry of Truth: Emergent Linear Structure in Large Language Model Representations of True/False Datasets},
  author={Marks, Samuel and Tegmark, Max},
  journal={arXiv preprint arXiv:2310.06824},
  year={2023}
}

@article{nanda2023emergent,
  title={Emergent Linear Representations in World Models of Self-Supervised Sequence Models},
  author={Nanda, Neel and Lee, Andrew and Wattenberg, Martin},
  journal={arXiv preprint arXiv:2309.00941},
  year={2023}
}

% Neural-Brain Convergence
@article{caucheteux2022brains,
  title={Brains and algorithms partially converge in natural language processing},
  author={Caucheteux, Charlotte and King, Jean-R{\'e}mi},
  journal={Nature Communications},
  volume={13},
  number={1},
  pages={3194},
  year={2022},
  publisher={Nature Publishing Group}
}

@article{schrimpf2021neural,
  title={The neural architecture of language: Integrative modeling converges on predictive processing},
  author={Schrimpf, Martin and Blank, Idan Asher and Tuckute, Greta and Kauf, Carina and Hosseini, Eghbal A and Kanwisher, Nancy and Tenenbaum, Joshua B and Fedorenko, Evelina},
  journal={Proceedings of the National Academy of Sciences},
  volume={118},
  number={45},
  pages={e2105646118},
  year={2021},
  publisher={National Acad Sciences}
}

% Geometric Deep Learning and Manifolds
@article{bronstein2021geometric,
  title={Geometric deep learning: Grids, groups, graphs, geodesics, and gauges},
  author={Bronstein, Michael M and Bruna, Joan and Cohen, Taco and Veli{\v{c}}kovi{\'c}, Petar},
  journal={arXiv preprint arXiv:2104.13478},
  year={2021}
}

@article{bengio2013representation,
  title={Representation learning: A review and new perspectives},
  author={Bengio, Yoshua and Courville, Aaron and Vincent, Pascal},
  journal={IEEE Transactions on Pattern Analysis and Machine Intelligence},
  volume={35},
  number={8},
  pages={1798--1828},
  year={2013},
  publisher={IEEE}
}

@article{fefferman2016testing,
  title={Testing the manifold hypothesis},
  author={Fefferman, Charles and Mitter, Sanjoy and Narayanan, Hariharan},
  journal={Journal of the American Mathematical Society},
  volume={29},
  number={4},
  pages={983--1049},
  year={2016}
}

% Topology and Clustering
@article{carlsson2009topology,
  title={Topology and data},
  author={Carlsson, Gunnar},
  journal={Bulletin of the American Mathematical Society},
  volume={46},
  number={2},
  pages={255--308},
  year={2009}
}

@article{mcinnes2017hdbscan,
  title={hdbscan: Hierarchical density based clustering},
  author={McInnes, Leland and Healy, John and Astels, Steve},
  journal={Journal of Open Source Software},
  volume={2},
  number={11},
  pages={205},
  year={2017}
}

% Optimization and Implicit Bias
@article{soudry2018implicit,
  title={The implicit bias of gradient descent on separable data},
  author={Soudry, Daniel and Hoffer, Elad and Nacson, Mor Shpigel and Gunasekar, Suriya and Srebro, Nathan},
  journal={Journal of Machine Learning Research},
  volume={19},
  number={1},
  pages={2822--2878},
  year={2018}
}

% Information Theory
@inproceedings{tishby2015deep,
  title={Deep learning and the information bottleneck principle},
  author={Tishby, Naftali and Zaslavsky, Noga},
  booktitle={IEEE Information Theory Workshop (ITW)},
  pages={1--5},
  year={2015}
}

@inproceedings{saxe2019information,
  title={On the information bottleneck theory of deep learning},
  author={Saxe, Andrew M and Bansal, Yamini and Dapello, Joel and Advani, Madhu and Kolchinsky, Artemy and Tracey, Brendan D and Cox, David D},
  booktitle={International Conference on Learning Representations (ICLR)},
  year={2019}
}

@article{achille2018emergence,
  title={Emergence of invariance and disentanglement in deep representations},
  author={Achille, Alessandro and Soatto, Stefano},
  journal={Journal of Machine Learning Research},
  volume={19},
  number={1},
  pages={1947--1980},
  year={2018}
}

% Generalization Theory
@inproceedings{bartlett2017spectrally,
  title={Spectrally-normalized margin bounds for neural networks},
  author={Bartlett, Peter L and Foster, Dylan J and Telgarsky, Matus J},
  booktitle={Advances in Neural Information Processing Systems (NeurIPS)},
  volume={30},
  year={2017}
}

@inproceedings{neyshabur2018pac,
  title={A PAC-Bayesian approach to spectrally-normalized margin bounds for neural networks},
  author={Neyshabur, Behnam and Bhojanapalli, Srinadh and Srebro, Nathan},
  booktitle={International Conference on Learning Representations (ICLR)},
  year={2018}
}

% Representation Engineering
@article{zou2023representation,
  title={Representation Engineering: A Top-Down Approach to AI Transparency},
  author={Zou, Andy and Phan, Long and Chen, Sarah and Campbell, James and Guo, Phillip and Ren, Richard and Pan, Alexander and Yin, Xuwang and Mazeika, Mantas and Dombrowski, Ann-Kathrin and others},
  journal={arXiv preprint arXiv:2310.01405},
  year={2023}
}

% Sparse Autoencoders
@article{templeton2024scaling,
  title={Scaling Monosemanticity: Extracting Interpretable Features from Claude 3 Sonnet},
  author={Templeton, Adly and Conerly, Tom and Marcus, Jonathan and Lindsey, Jack and Bricken, Trenton and Chen, Brian and Pearce, Adam and Citro, Craig and Ameisen, Emmanuel and Jones, Andy and others},
  journal={Anthropic},
  month={May},
  year={2024},
  url={https://transformer-circuits.pub/2024/scaling-monosemanticity/index.html}
}

% Grokking (if mentioned in appendix)
@article{power2022grokking,
  title={Grokking: Generalization beyond overfitting on small algorithmic datasets},
  author={Power, Alethea and Burda, Yuri and Edwards, Harri and Babuschkin, Igor and Misra, Vedant},
  journal={arXiv preprint arXiv:2201.02177},
  year={2022}
}

@inproceedings{goodfellow2014explaining,
  title={Explaining and harnessing adversarial examples},
  author={Goodfellow, Ian J and Shlens, Jonathon and Szegedy, Christian},
  booktitle={International Conference on Learning Representations (ICLR)},
  year={2015}
}

@article{moosavi2019robustness,
  title={Robustness of classifiers: from adversarial to random noise},
  author={Fawzi, Alhussein and Moosavi-Dezfooli, Seyed-Mohsen and Frossard, Pascal},
  journal={Advances in Neural Information Processing Systems (NeurIPS)},
  volume={29},
  year={2016}
}

@article{turner2023activation,
  title={Activation addition: Steering language models without optimization},
  author={Turner, Alex and Thiergart, Lisa and Udell, David and Scheurer, Jérémy and Rauker, Tilman and Prakash, Shaul and Nanda, Neel and MacDiarmid, Monte},
  journal={arXiv preprint arXiv:2308.10248},
  year={2023}
}